@book{panayiotopoulos2005epilepsies,
  title={The epilepsies: seizures, syndromes and management},
  author={Panayiotopoulos, Chrysostomos P},
  year={2005},
  publisher={Bladon Medical Publishing, Oxfordshire (UK)}
}
@electronic{EpilepsyFacts,
  author={NHS},
  title={What is Epilepsy?},
  url={https://www.epilepsy.org.uk/info/what-is-epilepsy},
  year={2016},
}
@electronic{PSHealth,
	author={Sony Interactive Entertainment},
	title={Health Warnings},
	url={https://www.playstation.com/en-us/network/legal/health-warnings/},
	year={2016},
}
@electronic{MicrosoftHealth,
	author={Microsoft},
	title={Photosensitive Seizure Warning},
	url={https://support.xbox.com/en-GB/xbox-one/console/photosensitive-seizure-warning},
	year={2017},
}
@electronic{NintendoHealth,
	author={Nintendo},
	title={Health and Safety Precautions},
	url={https://www.nintendo.co.uk/Support/Wii/Safety-Information/Health-and-Safety-Precautions/Health-and-Safety-Precautions-243009.html},
	year={2016},
}
@ARTICLE{Chuang,
	author = {YAO-CHUNG CHUANG, M.D., Ph.D.},
	journal = {CYBERPSYCHOLOGY & BEHAVIOR Volume 9, Number 4},
	title = {Massively Multiplayer Online Role-Playing Game-Induced Seizures: A Neglected Health Problem in Internet Addiction},
	year = {2006},
	pages = {451}
}
@ARTICLE{Kudos,
	author = {Jsolodar},
	journal = {Seizures From Video Games},
	title = {Riot Games Pulls Problem Image Fast},
	year = {2017}
	pages = {1}
}
@article{wilkins2005characterizing,
	title={Characterizing the patterned images that precipitate seizures and optimizing guidelines to prevent them},
	author={Wilkins, Arnold and Emmett, John and Harding, Graham},
	journal={Epilepsia},
	volume={46},
	number={8},
	pages={1212--1218},
	year={2005},
	publisher={Wiley Online Library}
}
@article{kane2017revised,
	title={A revised glossary of terms most commonly used by clinical electroencephalographers and updated proposal for the report format of the EEG findings. Revision 2017},
	author={Kane, Nick and Acharya, Jayant and Benickzy, Sandor and Caboclo, Luis and Finnigan, Simon and Kaplan, Peter W and Shibasaki, Hiroshi and Pressler, Ronit and van Putten, Michel JAM},
	journal={Clinical Neurophysiology Practice},
	volume={2},
	pages={170--185},
	year={2017},
	publisher={Elsevier}
}
@electronic{BrainUnderstand,
	author={Middle East Medical Information Center and Directory},
	title={Epilepsy Awareness Program - Brain},
	url={http://www.biomedresearches.com/root/pages/researches/epilepsy/brain.html},
	year={2003},
}
@article{takada1999epileptic,
	title={Epileptic seizures induced by animated cartoon,“Pocket Monster”},
	author={Takada, Hiroyuki and Aso, Kosaburo and Watanabe, Kazuyoshi and Okumura, Akihisa and Negoro, Tamiko and Ishikawa, Tatsuya},
	journal={Epilepsia},
	volume={40},
	number={7},
	pages={997--1002},
	year={1999},
	publisher={Wiley Online Library}
}
@article{pellouchoud1999mental,
	title={Mental Effort-Related EEG Modulation During Video-Game Play: Comparison Between Juvenile Subjects with Epilepsy and Normal Control Subjects},
	author={Pellouchoud, Emiliana and Smith, Michael E and McEvoy, Linda and Gevins, Alan},
	journal={Epilepsia},
	volume={40},
	number={s4},
	pages={38--43},
	year={1999},
	publisher={Wiley Online Library}
}
@article{chuang2006game,
	title={Game-related seizures presenting with two types of clinical features},
	author={Chuang, Yao-Chung and Chang, Wen-Neng and Lin, Tsu-Kung and Lu, Cheng-Hsien and Chen, Shang-Der and Huang, Chi-Ren},
	journal={Seizure-European Journal of Epilepsy},
	volume={15},
	number={2},
	pages={98--105},
	year={2006},
	publisher={Elsevier}
}
@article{fylan1997effect,
	title={The Effect of Television Frame Rate on EEG Abnormalities in Photosensitive and Pattern-Sensitive Epilepsy},
	author={Fylan, F and Harding, GFA},
	journal={Epilepsia},
	volume={38},
	number={10},
	pages={1124--1131},
	year={1997},
	publisher={Wiley Online Library}
}